@misc{essentialfacts,
  key = "googleglass",
  title = {{Essential facts about the computer and video game industry. Tech. rep., Entertainment Software Association, 2014. }},
   note = {\url{http: //www.theesa.com/facts/pdfs/ESA_EF_2014.pdf.}}
}


Google Glass. 


@misc{glass,
  key = "Google Glass",
  title = {{Google Glass}},
   note = {\url{http://www.google.com/glass/start/.}}
}


@misc{statistics,
  key = "googleglass",
  title = {{Gaming on Mobile Phone Statistics 2011}},
   note = {\url{http://itechvision.blogspot.com/2011/08/gaming-on-mobile-
phone-statistic}}
}

@misc{infographic,
  key = "googleglass",
  title = {{Infographic, Mobile Game statistics}},
   note = {\url{http://www.digitalbuzzblog.com/infographic-mobile- gaming-statistics-stats-2011/ }}
}

@inproceedings{videogame,
 author = {David Pinelle, Nelson Wong, Tadeusz Stach},
 title = {Heuristic evaluation for games: usability principles for video game design.},
 year = {2008},
 publisher = {ACM Press},
 booktitle = {CHI'08},
} 


@inproceedings{mobilegame,
 author = {Hannu Korhonen, Elina M. I. Koivisto},
 title = {Playability heuristics for mobile games.},
 year = {2006},
 publisher = {ACM Press},
 booktitle = {MobileHCI'06},
} 


@inproceedings{bodygame,
 author = {Elena MÃ¡rquez Segura, Annika Waern, Jin Moen, Carolina Johansson},
 title = {The design space of body games: technological, physical, and social design},
 year = {2013},
 publisher = {ACM Press},
 booktitle = {CHI'13},
} 

@inproceedings{gameflow,
 author = {Penelope Sweetser, Peta Wyeth},
 title = {GameFlow: a model for evaluating player enjoyment in games},
 year = {2005},
 publisher = {ACM Press},
 booktitle = {CIE'05},
} 

@inproceedings{argame,
 author = {Richard Wetzel, Rod McCall, Anne-Kathrin Braun, Wolfgang Broll},
 title = {Guidelines for designing augmented reality games},
 year = {2008},
 publisher = {ACM Press},
 booktitle = {Future Play'08},
} 

@inproceedings{wearable,
 author = {Christian Bertelsmeyer, Erik Koch, Alexander H. Schirm},
 title = {A new approach on wearable game design and its evaluation},
 year = {2006},
 publisher = {ACM Press},
 booktitle = {NetGames '06},
} 

@misc{minigame,
  key = "minigame",
  title = {{Glass Mini-Games}},
   note = {\url{http://developers.google.com/glass/samples/mini-games}}
}


@misc{acrobat,
  key = "acrobat",
  title = {{Adobe Acrobat Reader 7}},
   note = {\url{http://www.adobe.com/products/acrobat/}}
}

@article{ethics,
  title = {{Social Impacts of Computing: Codes of Professional Ethics}},
  author = {Ronald E. Anderson},
  doi = "10.1177/089443939201000402",
  journal = "Social Science Computer Review December",
  year = 1992,
  volume = 10,
  number = 4,
  pages = "453-469"
}

@misc{acm_categories,
  key = "association",
  title = {{How to Classify Works Using ACM's Computing Classification System}},
  note = {\url{http://www.acm.org/class/how_to_use.html}},
},

@inproceedings{Klemmer:2002:WSC:503376.503378,
 author = {Klemmer, Scott R. and Thomsen, Michael and Phelps-Goodman, Ethan and Lee, Robert and Landay, James A.},
 title = {Where do web sites come from?: capturing and interacting with design history},
 booktitle = {Proc. CHI 2002},
 year = {2002},
 pages = {1--8},
 publisher = {ACM Press},
} 

@inproceedings{Mather:2000:MUT,
  title = {Making up titles for conference papers},
  author = {Mather, B. D.},
  booktitle = {Ext. Abstracts CHI 2000},
  year = 2000,
  publisher = "ACM Press",
  pages = "1-2",
}

@book{Schwartz:1995:GBF,
  title = {{Guidelines for Bias-Free Writing}},
  author = {Schwartz, Marilyn},
  publisher = {Indiana University Press},
  location = {Bloomington, IN, USA},
  year = 1995,
}

@inproceedings{Zellweger:2001:FAO:504216.504224,
 author = {Zellweger, Polle T. and Bouvin, Niels Olof and Jeh{\o}j, Henning and Mackinlay, Jock D.},
 title = {Fluid annotations in an open world},
 booktitle = {Proc. Hypertext 2001},
 year = {2001},
 pages = {9--18},
 publisher = {ACM Press},
} 

